<?xml version="1.0" encoding="UTF-8"?><collection xmlns="http://www.loc.gov/MARC21/slim"><record><leader>00316nam--2200121-i-4500</leader><controlfield tag="001">000028193</controlfield><controlfield tag="002">20161230</controlfield><controlfield tag="005">20161230201037</controlfield><controlfield tag="008">060222s1000------------r-----000-0-eng-d</controlfield><datafield ind1=" " ind2=" " tag="100"><subfield code="a">Lazarescu, Georgeta</subfield></datafield><datafield ind1=" " ind2=" " tag="245"><subfield code="a">Introducere in metoda de indexare coordonata</subfield></datafield><datafield ind1=" " ind2=" " tag="260"><subfield code="a">Bucuresti, Cds.,1966. Iv + 120p</subfield></datafield><datafield ind1=" " ind2=" " tag="852"><subfield code="a">23396</subfield></datafield></record></collection>